@online{Versuchsanleitung,
  author = {TU Dortmund},
  title = {Versuch Nr. 406: Beugung am Spalt},
  year = "2018",
  url="http://129.217.224.2/HOMEPAGE/PHYSIKER/BACHELOR/AP/SKRIPT/V406.pdf",
  note = "[Online; aufgerufen am 15.02.2018]"
}

@unpublished{Stolze,
  author   = {Joachim Stolze and Metin Tolan},
  title    = {Skript zur Vorlesung Physik III},
  year = {2018},
  note = {Nicht allgemein zug√§ngliches Skript, TU Dortmund}
}
