@online{Versuchsanleitung,
  author = {TU Dortmund},
  title = {Versuch Nr. 501: Ablenkung eines Elektronenstrahls im elektrischen Feld},
  year = "2018",
  url="http://129.217.224.2/HOMEPAGE/PHYSIKER/BACHELOR/AP/SKRIPT/V501.pdf",
  note = "[Online; aufgerufen am 15.02.2018]"
}
