@online{Versuchsanleitung,
  author = {TU Dortmund},
  title = {Versuch Nr.301: Leerlaufspannung und Innenwiderstand von Spannungsquellen},
  year = "2017",
  url="http://129.217.224.2/HOMEPAGE/PHYSIKER/BACHELOR/AP/SKRIPT/V301.pdf",
  note = "[Online; aufgerufen am 14.12.2017]"
}
