@online{Versuchsanleitung1,
  author = {TU Dortmund},
  title = {Versuch 354: Ged√§mpfte und erzwungene Schwingungen},
  year = "2017",
  url= "http://129.217.224.2/HOMEPAGE/PHYSIKER/BACHELOR/AP/SKRIPT/V353.pdf",
  note = "[Online; aufgerufen am 21.11.2017]"
}
@online{Versuchsanleitung2,
  author = {TU Dortmund},
  title = {Versuch 353: Das Relaxationsverhalten eines RC-Kreises},
  year = "2017",
  url= "http://129.217.224.2/HOMEPAGE/PHYSIKER/BACHELOR/AP/SKRIPT/V353.pdf",
  note = "[Online; aufgerufen am 21.11.2017]"
}
