@online{Versuchsanleitung501,
  author = {TU Dortmund},
  title = {Versuch Nr. 501: Ablenkung eines Elektronenstrahls im elektrischen Feld},
  year = "2018",
  url="http://129.217.224.2/HOMEPAGE/PHYSIKER/BACHELOR/AP/SKRIPT/V501.pdf",
  note = "[Online; aufgerufen am 19.04.2018]"
}

@online{Versuchsanleitung502,
  author = {TU Dortmund},
  title = {Versuch Nr. 502: Ablenkung eines Elektronenstrahls im transversalen Magnetfeld},
  year = "2018",
  url="http://129.217.224.2/HOMEPAGE/PHYSIKER/BACHELOR/AP/SKRIPT/V502.pdf",
  note = "[Online; aufgerufen am 19.04.2018]"
}
