@online{Versuchsanleitung,
  author = {TU Dortmund},
  title = {Versuch 101: Das Tr√§gheitsmoment},
  year = "2017",
  url="http://129.217.224.2/HOMEPAGE/PHYSIKER/BACHELOR/AP/SKRIPT/Traegheit.pdf",
  note = "[Online; aufgerufen am 24.10.2017]"
}

@online{Gleichverteilungssatz,
  author = {Richard Fitzpatrick},
  title = {The equipartition theorem},
  year = "2006",
  url="http://farside.ph.utexas.edu/teaching/sm1/lectures/node67.html",
  note = "[Online; aufgerufen am 07.01.2017]"
}

@online{failure,
  author = {Kim Milton},
  title = {Failure of Classical Equipartition},
  year = "2010",
  url="http://www.nhn.ou.edu/~milton/p5163/chap7.pdf",
  note = "[Online; aufgerufen am 07.01.2017]"
}
