@online{Versuchsanleitung,
  author = {TU Dortmund},
  title = {Versuch Nr.703: Das Geiger-Müller-Zählrohr},
  year = "2018",
  url="http://129.217.224.2/HOMEPAGE/PHYSIKER/BACHELOR/AP/SKRIPT/V703.pdf",
  note = "[Online; aufgerufen am 16.02.2018]"
}
