@online{Versuchsanleitung,
  author = {TU Dortmund},
  title = {Versuch 308: Spulen und Magnetfelder},
  year = "2017",
  url="http://129.217.224.2/HOMEPAGE/PHYSIKER/BACHELOR/AP/SKRIPT/Magnetfeld.pdf",
  note = "[Online; aufgerufen am 28.11.2017]"
}
