@online{Versuchsanleitung,
  author = {TU Dortmund},
  title = {Versuch Nr.402: Dispersionsmessungen am Glasprisma},
  year = "2018",
  url="http://129.217.224.2/HOMEPAGE/PHYSIKER/BACHELOR/AP/SKRIPT/V402.pdf",
  note = "[Online; aufgerufen am 28.06.2018]"
}

@online{flint,
  author = {Edmund Optics},
  title = {Spezifikationen f√ºr Optisches Glas},
  year = "2018",
  url="https://www.edmundoptics.de/resources/application-notes/optics/optical-glass/",
  note = "[Online; aufgerufen am 28.06.2018]"
}
