@online{Versuchsanleitung,
  author = {TU Dortmund},
  title = {Versuch Nr. 206: Die Wärmepumpe},
  year = "2018",
  url="http://129.217.224.2/HOMEPAGE/PHYSIKER/BACHELOR/AP/SKRIPT/V206.pdf",
  note = "[Online; aufgerufen am 12.01.2018]"
}

@online{dampfdruck,
  author = {TU Dortmund},
  title = {Versuch Nr. 203: Verdampfungswärme und Dampfdruck-Kurve},
  year = "2018",
  url="http://129.217.224.2/HOMEPAGE/PHYSIKER/BACHELOR/AP/SKRIPT/V203.pdf",
  note = "[Online; aufgerufen am 12.01.2018]"
}

http://www.chemie.de/lexikon/Dichlordifluormethan.html

@online{molaremasse,
  author = {gifte.de},
  title = {Dichlordifluormethan},
  year = "2007",
  url="http://www.gifte.de/Chemikalien/dichlordifluormethan.htm",
  note = "[Online; aufgerufen am 12.01.2018]"
}
