@online{Versuchsanleitung,
  author = {TU Dortmund},
  title = {Versuch Nr.606: Messung der Suszeptibilität paramagnetischer Substanzen},
  year = "2018",
  url="http://129.217.224.2/HOMEPAGE/PHYSIKER/BACHELOR/AP/SKRIPT/V606.pdf",
  note = "[Online; aufgerufen am 19.05.2018]"
}

@online{molaremasse,
  author = {webqc.org},
  title = {Rechner für Molare Masse, Molekulargewicht und Elementare Zusammensetzung},
  year = "2018",
  url="https://de.webqc.org/mmcalc.php",
  note = "[Online; aufgerufen am 20.05.2018]"
}
