@online{Versuchsanleitung,
  author = {TU Dortmund},
  title = {Versuch 101: Das Trägheitsmoment},
  year = "2017",
  url="http://129.217.224.2/HOMEPAGE/PHYSIKER/BACHELOR/AP/SKRIPT/Traegheit.pdf",
  note = "[Online; aufgerufen am 24.10.2017]"
}

@online{Ahorn,
  author = {Arche Naturwaren},
  title = {Ahorn},
  year = "c.2005-2017",
  url = "http://www.arche-naturwaren.de/glossar/ahorn/",
  note = "[Online; aufgerufen am 01.11.2017]"
}

Ahorn zitiert gemäß https://beryliveylibrary.wordpress.com/2010/11/04/citing-a-website/
