@online{Versuchsanleitung,
  author = {TU Dortmund},
  title = {US2: Scanverfahren in der Ultraschalltechnik},
  year = "2018",
  url="http://129.217.224.2/HOMEPAGE/PHYSIKER/BACHELOR/AP/SKRIPT/UltraschallScan.pdf",
  note = "[Online; aufgerufen am 16.02.2018]"
}
