@online{Versuchsanleitung,
  author = {TU Dortmund},
  title = {Geometrische Optik},
  year = "2018",
  url="http://129.217.224.2/HOMEPAGE/PHYSIKER/BACHELOR/AP/SKRIPT/V408.pdf",
  note = "[Online; aufgerufen am 15.02.2018]"
}
