@online{Versuchsanleitung,
  author = {TU Dortmund},
  title = {Versuch 303: Der Lock-In Verst√§rker},
  year = "2017",
  url="http://129.217.224.2/HOMEPAGE/PHYSIKER/BACHELOR/AP/SKRIPT/LockIn.pdf",
  note = "[Online; aufgerufen am 06.12.2017]"
}
