@online{Versuchsanleitung,
  author = {TU Dortmund},
  title = {Versuch Nr.701: Reichweite von Î±-Strahlung},
  year = "2018",
  url="http://129.217.224.2/HOMEPAGE/PHYSIKER/BACHELOR/AP/SKRIPT/V704.pdf",
  note = "[Online; aufgerufen am 15.02.2018]"
}
