@online{Versuchsanleitung,
  author = {TU Dortmund},
  title = {US3: Doppler-Sonographie},
  year = "2018",
  url="http://129.217.224.2/HOMEPAGE/PHYSIKER/BACHELOR/AP/SKRIPT/DopplerSonogr.pdf",
  note = "[Online; aufgerufen am 16.02.2018]"
}
