@online{Versuchsanleitung,
  author = {TU Dortmund},
  title = {V602: Der Photoeffekt},
  year = "2018",
  url="http://129.217.224.2/HOMEPAGE/PHYSIKER/BACHELOR/AP/SKRIPT/RoentgenAbs.pdf",
  note = "[Online; aufgerufen am 15.02.2018]"
}
