@online{Versuchsanleitung,
  author = {TU Dortmund},
  title = {Versuch 204: Wärmeleitung von Metallen},
  year = "2018",
  url="http://129.217.224.2/HOMEPAGE/PHYSIKER/BACHELOR/AP/SKRIPT/Waermeleitf.pdf",
  note = "[Online; aufgerufen am 03.01.2018]"
}

@online{Wärmeleitfähigkeit1,
  author = {Schirdewahn},
  title = {Wärmeleitfähikeit verschiedener Materialien},
  year = "2004",
  url="http://dschirdewahn.de/Leitfaehigkeit.pdf",
  note = "[Online; aufgerufen am 03.01.2018]"
}

@online{Wärmeleitfähigkeit2,
  author = {A. Schweizer},
  title = {Wärmeleitfähikeit - Metalle},
  year = "2017",
  url="https://www.schweizer-fn.de/stoff/wleit_metall/wleit_metall.php",
  note = "[Online; aufgerufen am 03.01.2018]"
}

@online{Wärmeleitfähigkeit3,
  author = {A. Oebbeke},
  title = {Dämmstoff Magazin: Wärmeleitzahlen},
  year = "2017",
  url="https://www.baulinks.de/baumaterial/lambda-werte-waermeleitzahl-waermeleitfaehigkeit-waermedaemmung.php",
  note = "[Online; aufgerufen am 03.01.2018]"
}
